<record><leader>00000cas a22000007a 4500</leader><controlfield tag="001">27450450</controlfield><controlfield tag="008">930216c19939999moucr ne      0    0eng d</controlfield><datafield ind1=" " ind2=" " tag="010"><subfield code="a">sn 93060160 </subfield></datafield><datafield ind1=" " ind2=" " tag="040"><subfield code="a">MQN</subfield><subfield code="b">eng</subfield><subfield code="c">MQN</subfield><subfield code="d">OCLCQ</subfield></datafield><datafield ind1=" " ind2=" " tag="042"><subfield code="a">msc</subfield></datafield><datafield ind1="0" ind2="4" tag="245"><subfield code="a">The Perry County republic-monitor.</subfield></datafield><datafield ind1="3" ind2="0" tag="246"><subfield code="a">Republic monitor</subfield></datafield><datafield ind1=" " ind2=" " tag="260"><subfield code="a">Perryville, Mo. :</subfield><subfield code="b">Randall J. Pribble,</subfield><subfield code="c">1993-</subfield></datafield><datafield ind1=" " ind2=" " tag="300"><subfield code="a">v.</subfield></datafield><datafield ind1=" " ind2=" " tag="310"><subfield code="a">Semiweekly (Tues. and Thur.)</subfield></datafield><datafield ind1="0" ind2=" " tag="362"><subfield code="a">Vol. 115, no. 5 (Feb. 2, 1993)-</subfield></datafield><datafield ind1=" " ind2=" " tag="515"><subfield code="a">Continues numbering of the Monitor (Perryville, Mo.).</subfield></datafield><datafield ind1=" " ind2="4" tag="651"><subfield code="a">Perryville (Mo.)</subfield><subfield code="v">Newspapers.</subfield></datafield><datafield ind1=" " ind2="4" tag="651"><subfield code="a">Perry County (Mo.)</subfield><subfield code="v">Newspapers.</subfield></datafield><datafield ind1=" " ind2=" " tag="752"><subfield code="a">United States</subfield><subfield code="b">Missouri</subfield><subfield code="c">Perry</subfield><subfield code="d">Perryville.</subfield></datafield><datafield ind1="0" ind2="4" tag="780"><subfield code="t">Monitor (Perryville, Mo.)</subfield><subfield code="w">(DLC)sn 89066713</subfield></datafield><datafield ind1="0" ind2="4" tag="780"><subfield code="t">Perry County republic</subfield><subfield code="w">(DLC)sn 89066717</subfield></datafield><datafield ind1="1" ind2=" " tag="029"><subfield code="a">AU@</subfield><subfield code="b">000020742730</subfield></datafield></record>